@article{combrisson_tensorpac_2020,
    title = {Tensorpac: {An} open-source {Python} toolbox for tensor-based phase-amplitude coupling measurement in electrophysiological brain signals},
    volume = {16},
    issn = {1553-7358},
    shorttitle = {Tensorpac},
    doi = {10.1371/journal.pcbi.1008302},
    language = {eng},
    number = {10},
    journal = {PLoS computational biology},
    author = {Combrisson, Etienne and Nest, Timothy and Brovelli, Andrea and Ince, Robin A. A. and Soto, Juan L. P. and Guillot, Aymeric and Jerbi, Karim},
    month = oct,
    year = {2020},
    pmid = {33119593},
    pmcid = {PMC7654762},
    pages = {e1008302},
}