/home/ywatanabe/proj/SciTeX/bibliography.bib